%===============================================================================
% Autor: Matyáš Sládek
% Rok: 2020
%===============================================================================

@book{data_classification,
  author = "Charu C. Aggarwal",
  title = "Data Classification: Algorithms and Applications",
  year = "2014",
  isbn = "1466586745",
  publisher = "Chapman \& Hall/CRC",
  series = "Chapman \& Hall/CRC Data Mining and Knowledge Discovery Series",
  edition = "1"
}

@book{understanding_machine_learning,
  author = "Shai Shalev-Shwartz and Shai Ben-David",
  title = "Understanding Machine Learning: From Theory to Algorithms",
  year = "2014",
  isbn = "1107057132",
  publisher = "Cambridge University Press",
  address = "USA",
  edition = "1"
}

@book{machine_learning,
  author = "Thomas M. Mitchell",
  title = "Machine Learning",
  year = "1997",
  isbn = "0070428077",
  publisher = "McGraw-Hill, Inc.",
  address = "USA",
  edition = "1"
}

@book{dsp,
  author = "Steven W. Smith",
  title = "The Scientist and Engineer’s Guide to Digital Signal Processing",
  year = "1997",
  isbn = "0966017633",
  publisher = "California Technical Publishing",
  address = "USA",
  edition = "1"
}

@book{music_theory,
  author = "Catherine Schmidt-Jones",
  title = "Understanding Basic Music Theory",
  year = "2018",
  isbn = "1680921541",
  publisher = "12th Media Services",
  address = "USA"
}

@book{MIR,
  author = "Markus Schedl and Emilia Gomez and Julian Urbano",
  title = "Music Information Retrieval: Recent Developments and Applications",
  year = "2014",
  isbn = "1601988060",
  publisher = "Now Publishers Inc.",
  address = "Hanover, MA, USA"
}

@book{data_mining,
  author = "Jiawei Han and Micheline Kamber and Jian Pei",
  title = "Data Mining: Concepts and Techniques",
  year = "2011",
  isbn = "9780123814807",
  publisher = "Elsevier Science",
  series = "The Morgan Kaufmann Series in Data Management Systems",
  edition = "3"
}

@book{aca,
  author = {Lerch, Alexander},
  title = {An Introduction to Audio Content Analysis: Applications in Signal Processing and Music Informatics},
  year = {2012},
  isbn = {111826682X},
  publisher = {Wiley-IEEE Press},
  edition = {1st}
}

@inbook{leisure_2017,
  author = "Robert G. Leisure",
  title = "Acoustic Waves in Solids",
  year = "2017",
  place = "Cambridge",
  DOI = "10.1017/9781316658901.004",
  booktitle = "Ultrasonic Spectroscopy: Applications in Condensed Matter Physics and Materials Science",
  publisher = "Cambridge University Press",
  pages = "56–93"
}

@inbook{low_level,
  author = "Preeti Rao",
  title  = "Audio Signal Processing",
  year = "2007",
  booktitle = "Speech, Audio, Image and Biomedical Signal Processing using Neural Networks",
  publisher = "Springer Publishing Company, Incorporated"
}

@inproceedings{5662276, 
  author = "C. Zhen and J. Xu",
  title = "Solely Tag-Based Music Genre Classification",
  booktitle = "2010 International Conference on Web Information Systems and Mining",  
  year = "2010", 
  volume = "1", 
  pages = "20-24", 
  keywords = "classification;information retrieval;information retrieval systems;Internet;music;probability;solely tag-based music genre classification;music information retrieval systems;social tags;Web;latent Dirichlet allocation;Decision support systems;Helium;Delta modulation;music genre classification;music tag;artist tag;LDA", 
  doi = "10.1109/WISM.2010.152", 
  month = "Oct",
}

@inproceedings{4810567, 
  author = "J. Hong and H. Deng and Q. Yan", 
  title = "Tag-based Artist Similarity and Genre Classification", 
  booktitle = "2008 IEEE International Symposium on Knowledge Acquisition and Modeling Workshop", 
  year = "2008",
  pages = "628-631", 
  keywords = "Internet;music;pattern classification;social networking (online);tag-based artist similarity;genre classification;social tags;Web2.0;music artists;k-nearest neighbor algorithm;Web pages;Music information retrieval;Signal analysis;Data mining;Frequency;Acoustic measurements;Performance evaluation;Testing;Videos;Availability;music;genre classification;aritst similarity;social tag;co-occurrence", 
  doi = "10.1109/KAMW.2008.4810567",
  month = "Dec",
}

@inproceedings{Schedl05aweb-based,
  author = "Markus Schedl and Peter Knees and Gerhard Widmer",
  title = "A Web-Based Approach to Assessing Artist Similarity using CoOccurrences",
  booktitle = "In Proceedings of the Fourth International Workshop on Content-Based Multimedia Indexing (CBMI’05",
  year = "2005"
}

@inproceedings{Knees04artistclassification,
  author = "Peter Knees and Elias Pampalk and Gerhard Widmer",
  title = "Artist classification with web-based data",
  booktitle = "in Proc. Int. Symp. on Music Information Retrieval (ISMIR’04",
  year = "2004"
}

@inproceedings{Murauer:2018:DMG:3184558.3191822,
  author = "Benjamin Murauer and G. Specht",
  title = "Detecting Music Genre Using Extreme Gradient Boosting",
  booktitle = "Companion Proceedings of the The Web Conference 2018",
  year = "2018",
  pages = "1923-1927",
  keywords = "gradient boosting, music classification, neural network",
  doi = "10.1145/3184558.3191822",
}

@inproceedings{8365395, 
  author = "C. Kaur and R. Kumar",
  title = "Study and analysis of feature based automatic music genre classification using Gaussian mixture model",  
  booktitle = "2017 International Conference on Inventive Computing and Informatics (ICICI)", 
  year = "2017",
  pages = "465-468", 
  keywords = "audio signal processing;cepstral analysis;feature extraction;Gaussian processes;mixture models;music;signal classification;feature based automatic music genre classification;popular tool;music industry;rhythmic structure;music signal;signal processing algorithms;audio signal;multiple feature sets;Mel-Frequency Cesptral Coefficients;Gaussian mixture model based classifier;final classification task;standard genre database;percentage classification;MATLAB;MFCCs;GMM;Feature extraction;Multiple signal classification;Music;Mel frequency cepstral coefficient;Task analysis;Time-domain analysis;Gaussian mixture model;Gaussian mixture model;feature extraction;genre classification;melody classification;raga identification", 
  doi = "10.1109/ICICI.2017.8365395",
  month = "11",
}

@inproceedings{5202572, 
  author = "Y. Lin and Y. Yang and H. H. Chen and I. Liao and Y. Ho",
  title = "Exploiting genre for music emotion classification", 
  booktitle = "2009 IEEE International Conference on Multimedia and Expo",  
  year = "2009",
  pages = "618-621", 
  keywords = "content-based retrieval;correlation methods;music;signal classification;statistical analysis;music emotion classification;music genre classification;content-based music retrieval;content-based music organization;statistical association analysis;intrinsic correlation;two-layer scheme;Music information retrieval;Multiple signal classification;Laboratories;Telecommunications;Content based retrieval;Explosives;Large-scale systems;Rhythm;Mood;Predictive models;Music genre classification;association analysis;music emotion classification", 
  doi = "10.1109/ICME.2009.5202572", 
  ISSN = "1945-7871", 
  month = "06",
}

@inproceedings{1035731,
  author="Dan-Ning Jiang and Lie Lu and Hong-Jiang Zhang and Jian-Hua Tao and Lian-Hong Cai",
  title="Music type classification by spectral contrast feature",
  booktitle="Proceedings. IEEE International Conference on Multimedia and Expo",
  year="2002",
  volume="1",
  pages="113-116"
}

@inproceedings{genre,
  author = "Cory McKay and Ichiro Fujinaga",
  title = "Musical Genre Classification: Is It Worth Pursuing and How Can It be Improved?",
  year = "2006",
  month = "01",
}

@inproceedings{8733572,
  author = "R. Orjesek and R. Jarina and M. Chmulik and M. Kuba",
  title = "DNN Based Music Emotion Recognition from Raw Audio Signal",
  booktitle = "2019 29th International Conference Radioelektronika (RADIOELEKTRONIKA)",
  year = "2019",
  pages = "1-4"
}

@inproceedings{zcr,
  author = "Fabien Gouyon and Francois Pachet and Olivier Delerue",
  title = "On the Use of Zero-Crossing Rate for an Application of Classification of Percussive Sounds",
  booktitle = "Proceedings of the COST G-6 Conference on Digital Audio Effects (DAFX-00",
  year = "2000"
}

@inproceedings{fma_dataset,
  title = {{FMA}: A Dataset for Music Analysis},
  author = {Defferrard, Micha\"el and Benzi, Kirell and Vandergheynst, Pierre and Bresson, Xavier},
  booktitle = {18th International Society for Music Information Retrieval Conference (ISMIR)},
  year = {2017},
  archiveprefix = {arXiv},
  eprint = {1612.01840},
  url = {https://arxiv.org/abs/1612.01840},
}

@article{1021072, 
  author = "G. Tzanetakis and P. Cook",
  title = "Musical genre classification of audio signals",
  journal = "IEEE Transactions on Speech and Audio Processing",  
  year = "2002", 
  volume = "10", 
  number = "5", 
  pages = "293-302", 
  keywords = "audio signal processing;music;signal classification;statistical analysis;pattern recognition;feature extraction;information retrieval;audio signals;instrumentation;rhythmic structure;harmonic content;genre hierarchies;World Wide Web;musical genre annotation;automatic musical genre classification;music information retrieval systems;content-based analysis;musical signals;feature sets;timbral texture;rhythmic content;pitch content;statistical pattern recognition classifiers training;real-time frame-based classification;whole file classification;human musical genre classification;Humans;Music information retrieval;Instruments;Computer science;Multiple signal classification;Signal analysis;Pattern recognition;Feature extraction;Wavelet analysis;Cultural differences", 
  doi = "10.1109/TSA.2002.800560", 
  ISSN = "1063-6676", 
  month = "07"
}

@article{DeepImageFeaturesinMusicInformationRetrieval,
  author = "Grzegorz Gwardys and Daniel Grzywczak",
  title = "Deep Image Features in Music Information Retrieval",
  journal = "International Journal of Electronics and Telecommunications",
  year = "2014",
  volume = "60",
  number = "4",
  pages = "321-326",
}

@article{data_preprocessing,
  author = "Sotiris Kotsiantis and Dimitris Kanellopoulos and P. Pintelas",
  title = "Data Preprocessing for Supervised Learning",
  journal = "International Journal of Computer Science",
  year = "2006",
  month = "01",
  pages = "111-117",
  volume = "1",
}

@article{ebd, 
  author = "Ugo Marchand and Geoffroy Peeters",
  title = "The Extended Ballroom Dataset",
  journal = "ISMIR 2016 Late-Breaking Session",  
  year = "2016",
  note = {New-York, USA}
}

@article{Sturm2013TheGD,
  title={The GTZAN dataset: Its contents, its faults, their effects on evaluation, and its future use},
  author={Bob L. Sturm},
  journal={ArXiv},
  year={2013},
  volume={abs/1306.1461}
}

@mastersthesis{cat_var_enc2,
  author = "Cedric Seger",
  title = "An investigation of categorical variable encoding techniques...",
  school = "School of Electrical Engineering and Computer Science",
  address = "Stockholm, Sweden",
  year = "2018",
}

@webpage{db,
  title = "dB: What is a decibel?",
  publisher = "University of New South Wales",
  howpublished = "online",
  url = "https://www.animations.physics.unsw.edu.au/jw/dB.htm",
  cited = "2020-04-02"
}

@misc{strojove_uceni,
  author = "Petr Honzík",
  title = "Strojové učení",
  howpublished = "online",
  year = "2006",
  month = "10",
  url = "http://midas.uamt.feec.vutbr.cz/STU/Lectures/Honzik%20-%20Strojove_uceni_S.pdf",
  cited = "2020-04-10"
}

@misc{lel2018umap,
  author = "Leland McInnes and John Healy and James Melville",
  title = "UMAP: Uniform Manifold Approximation and Projection for Dimension Reduction",
  year = "2018",
  eprint = "1802.03426",
  archivePrefix = "arXiv",
  primaryClass = "stat.ML",
  cited = "2020-04-10"
}

@misc{mgc,
  author = "Wei-Ta Chu",
  title = "Musical Genre Classification",
  howpublished = "online",
  date = "2014-11-19",
  url = "https://www.cs.ccu.edu.tw/~wtchu/courses/2014f_MCA/Lectures/Lecture%209%20Audio%20and%20Music%20Analysis%202.pdf",
  cited = "2020-04-10"
}

@misc{cat_var_enc1,
  author = "Koichi Takayama",
  title = "Encoding Categorical Variables with Ambiguity",
  howpublished = "online",
  url = "http://www.di.uniba.it/~loglisci/NFMCP2019/NFMCP/nfMCP2019_paper_8.pdf",
  cited = "2020-04-13"
}

@misc{mircom,
  author = "Steve Tjoa",
  title = "Notes on Music Information Retrieval",
  howpublished = "online",
  url = "https://musicinformationretrieval.com/",
  cited = "2020-07-25"
}